<?xml version="1.0" encoding="UTF-8"?><record xmlns="http://www.loc.gov/MARC21/slim" xmlns:cinclude="http://apache.org/cocoon/include/1.0" xmlns:zs="http://www.loc.gov/zing/srw/">
  <leader>00603cz  a2200157n  4500</leader>
  <controlfield tag="001">n  97053789 </controlfield>
  <controlfield tag="003">DLC</controlfield>
  <controlfield tag="005">19970523090447.7</controlfield>
  <controlfield tag="008">970522n| acannaab|          |a ana |||  </controlfield>
  <datafield tag="010" ind1=" " ind2=" ">
    <subfield code="a">n  97053789 </subfield>
  </datafield>
  <datafield tag="040" ind1=" " ind2=" ">
    <subfield code="a">DLC</subfield>
    <subfield code="c">DLC</subfield>
    <subfield code="d">DLC</subfield>
  </datafield>
  <datafield tag="110" ind1="1" ind2="0">
    <subfield code="a">Cameroon.</subfield>
    <subfield code="t">Labour code (1992)</subfield>
  </datafield>
  <datafield tag="410" ind1="1" ind2="0">
    <subfield code="a">Cameroon.</subfield>
    <subfield code="t">Law no. 92-007 of 14 August 1992</subfield>
  </datafield>
  <datafield tag="410" ind1="1" ind2="0">
    <subfield code="a">Cameroon.</subfield>
    <subfield code="t">Code du travail (1992)</subfield>
  </datafield>
  <datafield tag="410" ind1="1" ind2="0">
    <subfield code="a">Cameroon.</subfield>
    <subfield code="t">Loi no 92/007 du 14 aouĚt 1992</subfield>
  </datafield>
  <datafield tag="670" ind1=" " ind2=" ">
    <subfield code="a">Labour code, 1992:</subfield>
    <subfield code="b">p. 7, 1st group (Law no. 92-007 of 14 August 1992 on the Labour code) p. 7, 2nd group (Loi no 92/007 du 14 aouĚt 1992 portant Code du travail)</subfield>
  </datafield>
</record>